@article{Badhiye,
author = {Badhiye, Sagarkumar and V Chatur, B and , Wakode},
year = {2011},
month = {01},
pages = {},
title = {Data Logger System: A Survey},
journal = {2249-6343}
}

@article{goyaldata,
  title={DATA LOGGER SYSTEM: A SURVEY},
  author={Goyal, Megha and Malhotra, Parminder}
}

